@article{subramanian2017next,
  title={A next generation connectivity map: L1000 platform and the first 1,000,000 profiles},
  author={Subramanian, Aravind and Narayan, Rajiv and Corsello, Steven M and Peck, David D and Natoli, Ted E and Lu, Xiaodong and Gould, Joshua and Davis, John F and Tubelli, Andrew A and Asiedu, Jacob K and others},
  journal={Cell},
  volume={171},
  number={6},
  pages={1437--1452},
  year={2017},
  publisher={Elsevier}
}
@article{tsherniak2017defining,
  title={Defining a cancer dependency map},
  author={Tsherniak, Aviad and Vazquez, Francisca and Montgomery, Phil G and Weir, Barbara A and Kryukov, Gregory and Cowley, Glenn S and Gill, Stanley and Harrington, William F and Pantel, Sasha and Krill-Burger, John M and others},
  journal={Cell},
  volume={170},
  number={3},
  pages={564--576},
  year={2017},
  publisher={Elsevier}
}
@article{bray2016cell,
  title={Cell Painting, a high-content image-based assay for morphological profiling using multiplexed fluorescent dyes},
  author={Bray, Mark-Anthony and Singh, Shantanu and Han, Han and Davis, Chadwick T and Borgeson, Blake and Hartland, Cathy and Kost-Alimova, Maria and Gustafsdottir, Sigrun M and Gibson, Christopher C and Carpenter, Anne E},
  journal={Nature protocols},
  volume={11},
  number={9},
  pages={1757--1774},
  year={2016},
  publisher={Nature Publishing Group UK London}
}
@article{keenan2018library,
  title={The library of integrated network-based cellular signatures NIH program: system-level cataloging of human cells response to perturbations},
  author={Keenan, Alexandra B and Jenkins, Sherry L and Jagodnik, Kathleen M and Koplev, Simon and He, Edward and Torre, Denis and Wang, Zichen and Dohlman, Anders B and Silverstein, Moshe C and Lachmann, Alexander and others},
  journal={Cell systems},
  volume={6},
  number={1},
  pages={13--24},
  year={2018},
  publisher={Elsevier}
}
@article{li2020deep,
  title={Deep learning on high-throughput transcriptomics to predict drug-induced liver injury},
  author={Li, Ting and Tong, Weida and Roberts, Ruth and Liu, Zhichao and Thakkar, Shraddha},
  journal={Frontiers in bioengineering and biotechnology},
  volume={8},
  pages={562677},
  year={2020},
  publisher={Frontiers Media SA}
}
@article{musa2018harnessing,
  title={Harnessing the biological complexity of Big Data from LINCS gene expression signatures},
  author={Musa, Aliyu and Tripathi, Shailesh and Kandhavelu, Meenakshisundaram and Dehmer, Matthias and Emmert-Streib, Frank},
  journal={PloS one},
  volume={13},
  number={8},
  pages={e0201937},
  year={2018},
  publisher={Public Library of Science San Francisco, CA USA}
}
@misc{everett2023combining,
  title={Combining Cell Painting, Gene Expression and Structure-Activity Data for Mechanism of Action Prediction},
  author={Everett Palm, Erik},
  year={2023}
}
@article{stathias2018sustainable,
  title={Sustainable data and metadata management at the BD2K-LINCS Data Coordination and Integration Center},
  author={Stathias, Vasileios and Koleti, Amar and Vidovi{\'c}, Du{\v{s}}ica and Cooper, Daniel J and Jagodnik, Kathleen M and Terryn, Raymond and Forlin, Michele and Chung, Caty and Torre, Denis and Ayad, Nagi and others},
  journal={Scientific data},
  volume={5},
  number={1},
  pages={1--14},
  year={2018},
  publisher={Nature Publishing Group}
}
@article{musa2019l1000,
  title={L1000 viewer: a search engine and web interface for the LINCS data repository},
  author={Musa, Aliyu and Tripathi, Shailesh and Dehmer, Matthias and Emmert-Streib, Frank},
  journal={Frontiers in Genetics},
  volume={10},
  pages={557},
  year={2019},
  publisher={Frontiers Media SA}
}
@article{page2021prisma,
  title={The PRISMA 2020 statement: an updated guideline for reporting systematic reviews},
  author={Page, Matthew J and McKenzie, Joanne E and Bossuyt, Patrick M and Boutron, Isabelle and Hoffmann, Tammy C and Mulrow, Cynthia D and Shamseer, Larissa and Tetzlaff, Jennifer M and Akl, Elie A and Brennan, Sue E and others},
  journal={bmj},
  volume={372},
  year={2021},
  publisher={British Medical Journal Publishing Group}
}
@article{ye2025knowledge,
  title={A Knowledge-Guided Graph Learning Approach Bridging Phenotype-and Target-Based Drug Discovery},
  author={Ye, Qing and Zeng, Yundian and Jiang, Linlong and Kang, Yu and Pan, Peichen and Chen, Jiming and Deng, Yafeng and Zhao, Haitao and He, Shibo and Hou, Tingjun and others},
  journal={Advanced Science},
  volume={12},
  number={16},
  pages={2412402},
  year={2025},
  publisher={Wiley Online Library}
}
@article{marino2025l2s2,
  title={L2S2: chemical perturbation and CRISPR KO LINCS L1000 signature search engine},
  author={Marino, Giacomo B and Evangelista, John E and Clarke, Daniel JB and Ma’ayan, Avi},
  journal={Nucleic Acids Research},
  pages={gkaf373},
  year={2025},
  publisher={Oxford University Press}
}
@article{evangelista2023toxicology,
  title={Toxicology knowledge graph for structural birth defects},
  author={Evangelista, John Erol and Clarke, Daniel JB and Xie, Zhuorui and Marino, Giacomo B and Utti, Vivian and Jenkins, Sherry L and Ahooyi, Taha Mohseni and Bologa, Cristian G and Yang, Jeremy J and Binder, Jessica L and others},
  journal={Communications Medicine},
  volume={3},
  number={1},
  pages={98},
  year={2023},
  publisher={Nature Publishing Group UK London}
}
@article{evangelista2022sigcom,
  title={SigCom LINCS: data and metadata search engine for a million gene expression signatures},
  author={Evangelista, John Erol and Clarke, Daniel JB and Xie, Zhuorui and Lachmann, Alexander and Jeon, Minji and Chen, Kerwin and Jagodnik, Kathleen M and Jenkins, Sherry L and Kuleshov, Maxim V and Wojciechowicz, Megan L and others},
  journal={Nucleic acids research},
  volume={50},
  number={W1},
  pages={W697--W709},
  year={2022},
  publisher={Oxford University Press}
}
@article{mcdermott2019deep,
  title={Deep learning benchmarks on L1000 gene expression data},
  author={McDermott, Matthew BA and Wang, Jennifer and Zhao, Wen-Ning and Sheridan, Steven D and Szolovits, Peter and Kohane, Isaac and Haggarty, Stephen J and Perlis, Roy H},
  journal={IEEE/ACM transactions on computational biology and bioinformatics},
  volume={17},
  number={6},
  pages={1846--1857},
  year={2019},
  publisher={IEEE}
}
@article{gao2022deep,
  title={Deep learning applications for the accurate identification of low-transcriptional activity drugs and their mechanism of actions},
  author={Gao, Shengqiao and Han, Lu and Luo, Dan and Xiao, Zhiyong and Liu, Gang and Zhang, Yongxiang and Zhou, Wenxia},
  journal={Pharmacological Research},
  volume={180},
  pages={106225},
  year={2022},
  publisher={Elsevier}
}
@article{xiatarget,
  title={Target Predictions using LINCS Data},
  author={Xia, Yan}
}
@article{wu2022deep,
  title={Deep learning prediction of chemical-induced dose-dependent and context-specific multiplex phenotype responses and its application to personalized Alzheimer’s disease drug repurposing},
  author={Wu, You and Liu, Qiao and Qiu, Yue and Xie, Lei},
  journal={PLoS computational biology},
  volume={18},
  number={8},
  pages={e1010367},
  year={2022},
  publisher={Public Library of Science San Francisco, CA USA}
}
@article{wang2016drug,
  title={Drug-induced adverse events prediction with the LINCS L1000 data},
  author={Wang, Zichen and Clark, Neil R and Ma’ayan, Avi},
  journal={Bioinformatics},
  volume={32},
  number={15},
  pages={2338--2345},
  year={2016},
  publisher={Oxford University Press}
}
@article{liao2023open,
  title={Open MoA: revealing the mechanism of action (MoA) based on network topology and hierarchy},
  author={Liao, Xinmeng and Ozcan, Mehmet and Shi, Mengnan and Kim, Woonghee and Jin, Han and Li, Xiangyu and Turkez, Hasan and Achour, Adnane and Uhl{\'e}n, Mathias and Mardinoglu, Adil and others},
  journal={Bioinformatics},
  volume={39},
  number={11},
  pages={btad666},
  year={2023},
  publisher={Oxford University Press}
}
@article{el2017integrative,
  title={Integrative cancer pharmacogenomics to infer large-scale drug taxonomy},
  author={El-Hachem, Nehme and Gendoo, Deena MA and Ghoraie, Laleh Soltan and Safikhani, Zhaleh and Smirnov, Petr and Chung, Christina and Deng, Kenan and Fang, Ailsa and Birkwood, Erin and Ho, Chantal and others},
  journal={Cancer research},
  volume={77},
  number={11},
  pages={3057--3069},
  year={2017},
  publisher={American Association for Cancer Research}
}
@article{szalai2019signatures,
  title={Signatures of cell death and proliferation in perturbation transcriptomics data—from confounding factor to effective prediction},
  author={Szalai, Bence and Subramanian, Vigneshwari and Holland, Christian H and Alf{\"o}ldi, R{\'o}bert and Pusk{\'a}s, L{\'a}szl{\'o} G and Saez-Rodriguez, Julio},
  journal={Nucleic Acids Research},
  volume={47},
  number={19},
  pages={10010--10026},
  year={2019},
  publisher={Oxford University Press}
}
@article{samal2022opportunities,
  title={Opportunities and challenges in interpretable deep learning for drug sensitivity prediction of cancer cells},
  author={Samal, Bikash Ranjan and Loers, Jens Uwe and Vermeirssen, Vanessa and De Preter, Katleen},
  journal={Frontiers in Bioinformatics},
  volume={2},
  pages={1036963},
  year={2022},
  publisher={Frontiers Media SA}
}
@article{chow2022predicting,
  title={Predicting drug polypharmacology from cell morphology readouts using variational autoencoder latent space arithmetic},
  author={Chow, Yuen Ler and Singh, Shantanu and Carpenter, Anne E and Way, Gregory P},
  journal={PLoS computational biology},
  volume={18},
  number={2},
  pages={e1009888},
  year={2022},
  publisher={Public Library of Science San Francisco, CA USA}
}
@article{qiu2020bayesian,
  title={A Bayesian approach to accurate and robust signature detection on LINCS L1000 data},
  author={Qiu, Yue and Lu, Tianhuan and Lim, Hansaim and Xie, Lei},
  journal={Bioinformatics},
  volume={36},
  number={9},
  pages={2787--2795},
  year={2020},
  publisher={Oxford University Press}
}
@article{duan2016l1000cds2,
  title={L1000CDS2: LINCS L1000 characteristic direction signatures search engine},
  author={Duan, Qiaonan and Reid, St Patrick and Clark, Neil R and Wang, Zichen and Fernandez, Nicolas F and Rouillard, Andrew D and Readhead, Ben and Tritsch, Sarah R and Hodos, Rachel and Hafner, Marc and others},
  journal={NPJ systems biology and applications},
  volume={2},
  number={1},
  pages={1--12},
  year={2016},
  publisher={Nature Publishing Group}
}
@article{pham2021deep,
  title={A deep learning framework for high-throughput mechanism-driven phenotype compound screening and its application to COVID-19 drug repurposing},
  author={Pham, Thai-Hoang and Qiu, Yue and Zeng, Jucheng and Xie, Lei and Zhang, Ping},
  journal={Nature machine intelligence},
  volume={3},
  number={3},
  pages={247--257},
  year={2021},
  publisher={Nature Publishing Group UK London}
}
@article{liu2015compound,
  title={Compound signature detection on LINCS L1000 big data},
  author={Liu, Chenglin and Su, Jing and Yang, Fei and Wei, Kun and Ma, Jinwen and Zhou, Xiaobo},
  journal={Molecular BioSystems},
  volume={11},
  number={3},
  pages={714--722},
  year={2015},
  publisher={Royal Society of Chemistry}
}
@article{stahlschmidt2022multimodal,
  title={Multimodal deep learning for biomedical data fusion: a review},
  author={Stahlschmidt, S{\"o}ren Richard and Ulfenborg, Benjamin and Synnergren, Jane},
  journal={Briefings in bioinformatics},
  volume={23},
  number={2},
  pages={bbab569},
  year={2022},
  publisher={Oxford University Press}
}
@article{pilarczyk2019connecting,
  title={Connecting omics signatures of diseases, drugs, and mechanisms of actions with iLINCS},
  author={Pilarczyk, Marcin and Kouril, Michal and Shamsaei, Behrouz and Vasiliauskas, Juozas and Niu, Wen and Mahi, Naim and Zhang, Lixia and Clark, Nicholas and Ren, Yan and White, Shana and others},
  journal={BioRxiv},
  pages={826271},
  year={2019},
  publisher={Cold Spring Harbor Laboratory}
}
@article{elabd2024simple,
  title={A Simple Attention-Based Mechanism for Bimodal Emotion Classification},
  author={Elabd, Mazen and Jaf, Sardar},
  journal={arXiv preprint arXiv:2407.00134},
  year={2024}
}
@article{karim2023explainable,
  title={Explainable AI for bioinformatics: methods, tools and applications},
  author={Karim, Md Rezaul and Islam, Tanhim and Shajalal, Md and Beyan, Oya and Lange, Christoph and Cochez, Michael and Rebholz-Schuhmann, Dietrich and Decker, Stefan},
  journal={Briefings in bioinformatics},
  volume={24},
  number={5},
  pages={bbad236},
  year={2023},
  publisher={Oxford University Press}
}
@article{bang2024transfer,
  title={Transfer learning of condition-specific perturbation in gene interactions improves drug response prediction},
  author={Bang, Dongmin and Koo, Bonil and Kim, Sun},
  journal={Bioinformatics},
  volume={40},
  number={Supplement\_1},
  pages={i130--i139},
  year={2024},
  publisher={Oxford University Press}
}
@article{koleti2018data,
  title={Data Portal for the Library of Integrated Network-based Cellular Signatures (LINCS) program: integrated access to diverse large-scale cellular perturbation response data},
  author={Koleti, Amar and Terryn, Raymond and Stathias, Vasileios and Chung, Caty and Cooper, Daniel J and Turner, John P and Vidovi{\'c}, Du{\v{s}}ica and Forlin, Michele and Kelley, Tanya T and D’Urso, Alessandro and others},
  journal={Nucleic acids research},
  volume={46},
  number={D1},
  pages={D558--D566},
  year={2018},
  publisher={Oxford University Press}
}
@article{uhlen2015tissue,
  title={Tissue-based map of the human proteome},
  author={Uhl{\'e}n, Mathias and Fagerberg, Linn and Hallstr{\"o}m, Bj{\"o}rn M and Lindskog, Cecilia and Oksvold, Per and Mardinoglu, Adil and Sivertsson, {\AA}sa and Kampf, Caroline and Sj{\"o}stedt, Evelina and Asplund, Anna and others},
  journal={Science},
  volume={347},
  number={6220},
  pages={1260419},
  year={2015},
  publisher={American Association for the Advancement of Science}
}
@article{csendes2025benchmarking,
  title={Benchmarking foundation cell models for post-perturbation RNA-seq prediction},
  author={Csendes, Gerold and Sanz, Gema and Szalay, Krist{\'o}f Z and Szalai, Bence},
  journal={BMC genomics},
  volume={26},
  number={1},
  pages={393},
  year={2025},
  publisher={Springer}
}
@article{kwon2025benchmarking,
  title={Benchmarking of dimensionality reduction methods to capture drug response in transcriptome data},
  author={Kwon, Yuseong and Park, Sojeong and Park, Soyoung and Lee, Haeseung},
  journal={Scientific Reports},
  volume={15},
  number={1},
  pages={32173},
  year={2025},
  publisher={Nature Publishing Group UK London}
}
@article{meyer2019learning,
  title={Learning drug functions from chemical structures with convolutional neural networks and random forests},
  author={Meyer, Jesse G and Liu, Shengchao and Miller, Ian J and Coon, Joshua J and Gitter, Anthony},
  journal={Journal of chemical information and modeling},
  volume={59},
  number={10},
  pages={4438--4449},
  year={2019},
  publisher={ACS Publications}
}
@article{szalata2024benchmark,
  title={A benchmark for prediction of transcriptomic responses to chemical perturbations across cell types},
  author={Sza{\l}ata, Artur and Benz, Andrew and Cannoodt, Robrecht and Cortes, Mauricio and Fong, Jason and Kuppasani, Sunil and Lieberman, Richard and Liu, Tianyu and Mas-Rosario, Javier A and Meinl, Rico and others},
  journal={Advances in Neural Information Processing Systems},
  volume={37},
  pages={20566--20616},
  year={2024}
}
@article{ammad2017systematic,
  title={Systematic identification of feature combinations for predicting drug response with Bayesian multi-view multi-task linear regression},
  author={Ammad-Ud-Din, Muhammad and Khan, Suleiman A and Wennerberg, Krister and Aittokallio, Tero},
  journal={Bioinformatics},
  volume={33},
  number={14},
  pages={i359--i368},
  year={2017},
  publisher={Oxford University Press}
}
@article{ye2025senolyticsynergy,
  title={SenolyticSynergy: An Attention-Based Network for Discovering Novel Senolytic Combinations via Human Aging Genomics},
  author={Ye, Yaowen and Su, Ting and Gao, Jiayi and Ming, Dengming},
  journal={International Journal of Molecular Sciences},
  volume={26},
  number={18},
  pages={9004},
  year={2025},
  publisher={MDPI}
}
@article{hu2024deepfusioncdr,
  title={DeepFusionCDR: Employing Multi-Omics Integration and Molecule-Specific Transformers for Enhanced Prediction of Cancer Drug Responses},
  author={Hu, Xiaowen and Zhang, Pan and Zhang, Jiaxuan and Deng, Lei},
  journal={IEEE Journal of Biomedical and Health Informatics},
  volume={28},
  number={10},
  pages={6248--6258},
  year={2024},
  publisher={IEEE}
}
@article{fan2024versatile,
  title={A versatile attention-based neural network for chemical perturbation analysis and its potential to aid surgical treatment: an experimental study},
  author={Fan, Zheqi and Zhao, Houming and Zhou, Jingcheng and Li, Dingchang and Fan, Yunlong and Bi, Yiming and Ji, Shuaifei},
  journal={International Journal of Surgery},
  volume={110},
  number={12},
  pages={7671--7686},
  year={2024},
  publisher={LWW}
}
@article{ge2025md,
  title={MD-Syn: Synergistic drug combination prediction based on the multidimensional feature fusion method and attention mechanisms},
  author={Ge, XinXin and Lee, Yi-Ting and Yeh, Shan-Ju},
  journal={arXiv preprint arXiv:2501.07884},
  year={2025}
}
@article{wong2023deep,
  title={Deep representation learning determines drug mechanism of action from cell painting images},
  author={Wong, Daniel R and Logan, David J and Hariharan, Santosh and Stanton, Robert and Clevert, Djork-Arn{\'e} and Kiruluta, Andrew},
  journal={Digital Discovery},
  volume={2},
  number={5},
  pages={1354--1367},
  year={2023},
  publisher={Royal Society of Chemistry}
}
@article{lejal2023assessment,
  title={Assessment of drug-induced liver injury through cell morphology and gene expression analysis},
  author={Lejal, Vanille and Cerisier, Natacha and Rouqui{\'e}, David and Taboureau, Olivier},
  journal={Chemical Research in Toxicology},
  volume={36},
  number={9},
  pages={1456--1470},
  year={2023},
  publisher={ACS Publications}
}
@article{wu2025anticancer,
  title={Anticancer drug response prediction integrating multi-omics pathway-based difference features and multiple deep learning techniques},
  author={Wu, Yang and Chen, Ming and Qin, Yufang},
  journal={PLOS Computational Biology},
  volume={21},
  number={3},
  pages={e1012905},
  year={2025},
  publisher={Public Library of Science San Francisco, CA USA}
}
@article{rasool2025multimodule,
  title={A multimodule graph-based neural network for accurate drug-target interaction prediction via genomic, proteomic, and structural data fusion},
  author={Rasool, Maryam and Chong, Kil To and Tayara, Hilal},
  journal={International Journal of Biological Macromolecules},
  pages={145907},
  year={2025},
  publisher={Elsevier}
}
@article{wu2024gdop,
  title={GDOP: A graph convolutional network-based drug “on-target” pathway prediction algorithm},
  author={Wu, Xiaolong and Zhang, Lehan and Zheng, Mingyue},
  journal={bioRxiv},
  pages={2024--03},
  year={2024},
  publisher={Cold Spring Harbor Laboratory}
}
@article{lu2021drug,
  title={Drug-induced cell viability prediction from LINCS-L1000 through WRFEN-XGBoost algorithm},
  author={Lu, Jiaxing and Chen, Ming and Qin, Yufang},
  journal={BMC bioinformatics},
  volume={22},
  number={1},
  pages={13},
  year={2021},
  publisher={Springer}
}
@article{wang2018l1000fwd,
  title={L1000FWD: fireworks visualization of drug-induced transcriptomic signatures},
  author={Wang, Zichen and Lachmann, Alexander and Keenan, Alexandra B and Ma’Ayan, Avi},
  journal={Bioinformatics},
  volume={34},
  number={12},
  pages={2150--2152},
  year={2018},
  publisher={Oxford University Press}
}
